@MastersThesis{puranik2012specialist,
  author={Puranik, Nikhil},
  title={A specialist approach for the classification of column data},
  year={2012},
  school={University of Maryland, Baltimore County},
}

@book{nist_guide,
  title={Guide to Computer Security Log Management: Recommendations of the National Institute of Standards and Technology},
  author={Karen Kent and Murugiah Souppaya},
  year={2006},
  publisher={US Department of Commerce, Technology Administration, National Institute of Standards and Technology}
}

@article{venetis2011recovering,
  title={Recovering semantics of tables on the web},
  author={Venetis, Petros and Halevy, Alon and Madhavan, Jayant and Pa{\c{s}}ca, Marius and Shen, Warren and Wu, Fei and Miao, Gengxin and Wu, Chung},
  journal={Proceedings of the VLDB Endowment},
  volume={4},
  number={9},
  pages={528--538},
  year={2011},
  publisher={VLDB Endowment}
}

@book{kimball_log_problem,
  title={The Data Webhouse Toolkit},
  author={Kimball, Ralph and Merz, Richard},
  year={2000},
  publisher={John Wiley and Sons, Inc, Wiley Computer Publishing},
  address = {New York}
}

@article{brickley2004rdf,
  title={RDF vocabulary description language 1.0: RDF schema},
  author={Brickley, Dan and Guha, Ramanathan V},
  year={2004}
}

@book{log_parser_2005,
  title={Microsoft Log Parser Toolkit: A complete toolkit for Microsoft's undocumented log analysis tool},
  author={Giuseppini, Gabriele and Burnett, Mark},
  year={2005},
  publisher={Syngress}
}

@misc{weblog_expert,
  title = {WebLog Expert},
  howpublished = {\url{http://www.weblogexpert.com/info/ApacheLogs.htm}},
  note = {Accessed: 2015-06-20}
}

@inproceedings{saneifar2009terminology,
  title={Terminology extraction from log files},
  author={Saneifar, Hassan and Bonniol, St{\'e}phane and Laurent, Anne and Poncelet, Pascal and Roche, Mathieu},
  booktitle={Database and Expert Systems Applications},
  pages={769--776},
  year={2009},
  organization={Springer}
}

@phdthesis{mulwad2015tabel,
  title={TABEL--A Domain Independent and Extensible Framework for Inferring the Semantics of Tables},
  author={Mulwad, Varish Vyankatesh},
  year={2015},
  school={University of Maryland, Baltimore County}
}


@misc{offensive_cybersecurity,
  title = {The Offensive Approach to Cyber Security in Government and Private Industry},
  howpublished = {\url{http://resources.infosecinstitute.com/the-offensive-approach-to-cyber-security-in-government-and-private-industry}},
  note = {Accessed: 2015-07-01}
}

@article{valdman2001log,
  title={Log file analysis},
  author={Valdman, Jan},
  journal={Department of Computer Science and Engineering (FAV UWB)., Tech. Rep. DCSE/TR-2001-04},
  year={2001}
}

@inproceedings{andrews1998testing,
  title={Testing using log file analysis: tools, methods, and issues},
  author={Andrews, James H},
  booktitle={Automated Software Engineering, 1998. Proceedings. 13th IEEE International Conference on},
  pages={157--166},
  year={1998},
  organization={IEEE}
}

@article{berners2001semantic,
  title={The semantic web},
  author={Berners-Lee, Tim and Hendler, James and Lassila, Ora and others},
  journal={Scientific american},
  volume={284},
  number={5},
  pages={28--37},
  year={2001},
  publisher={New York, NY, USA:}
}

@article{ontolog,
  title={OntoLog: A Security log analyses tool using web semantic and ontology},
  author={do Nascimento, Cl{\'o}vis Holanda and Assad, Rodrigo Elia and L{\'o}scio, Bernadette Farias and Meira, Silvio Romero Lemos},
  journal={Web Application Security},
  pages={1--12}
}

@inproceedings{joshi2013extracting,
  title={Extracting cybersecurity related linked data from text},
  author={Joshi, Arnav and Lal, Ravendar and Finin, Tim},
  booktitle={Semantic Computing (ICSC), 2013 IEEE Seventh International Conference on},
  pages={252--259},
  year={2013},
  organization={IEEE}
}

@inproceedings{mulwad2011extracting,
  title={Extracting information about security vulnerabilities from web text},
  author={Mulwad, Varish and Li, Wenjia and Joshi, Anupam and Finin, Tim and Viswanathan, Krishnamurthy},
  booktitle={Web Intelligence and Intelligent Agent Technology (WI-IAT), 2011 IEEE/WIC/ACM International Conference on},
  volume={3},
  pages={257--260},
  year={2011},
  organization={IEEE}
}

@misc{splunk,
  title = {Splunk},
  howpublished = {\url{http://www.splunk.com}},
  note = {Accessed: 2015-07-01},
}
